@article{santos2023importancia,
  author = {Santos, Joabe E. P. and Gibertoni, Daniela},
  title = {A Importância do Método Ágil Scrum para a Gestão de Projetos no Brasil: uma contextualização com diferentes cenários},
  journal = {SIMTEC - Simpósio de Tecnologia},
  year = {2023},
  url = {https://simtec.fatectq.edu.br/index.php/simtec/article/view/446/289},
  urldate = {2023-05-28},
}

@book{sbrocco2012metodologias,
  author = {Sbrocco, José H. T. C. and Macedo, Paulo C.},
  title = {Metodologias Ágeis: Engenharia de Software Sob Medida},
  edition = {1},
  year = {2012},
  publisher = {Érica},
  address = {São Paulo},
}

@book{sommerville2011engenharia,
  author = {Sommerville, Lan},
  title = {Engenharia de Software},
  edition = {9},
  year = {2011},
  publisher = {Pearson},
  address = {São Paulo},
}

@misc{parreira2023technology,
  author = {Parreira, Pedro and Proença, Sara and Souza, Liliana B. and Mónico, Lisete},
  title = {Technology Assessment Model (TAM): Modelos precursores e modelos evolutivos},
  howpublished = {\url{https://www.researchgate.net/profile/Sara-Proenca/publication/325854772_Technology_Assessment_Model_TAM_Modelos_percursores_e_modelos_evolutivos/links/5bcc6338299bf17a1c64a15d/Technology-Assessment-Model-TAM-Modelos-percursores-e-modelos-evolutivos.pdf}},
  year = {Year},
  urldate = {2023-05-29},
}

@book{pressman2011engenharia,
  author = {Pressman, Roger S.},
  title = {Engenharia de Software: Uma abordagem profissional},
  edition = {7},
  year = {2011},
  publisher = {AMGH},
  address = {Porto Alegre},
}
